@conference {240848,
author = {\textbf{Ketan Maheshwari}},
title = {Linux Productivity Tools -- a Tutorial},
year = {2019},
address = {Portland, OR},
publisher = {Large Installation System Administration (LISA), {USENIX} Association},
month = oct,
}

@article {doi:10.1021/acs.jpcc.9b03274,
author = {Shields, Ashley E. and Miskowiec, Andrew J. and \textbf{Maheshwari, Ketan} and Kirkegaard, Marie C. and Staros, Daniel J. and Niedziela, Jennifer L. and Kapsimalis, Roger J. and Anderson, Brian B.},
title = {The Impact of Coordination Environment on the Thermodynamic Stability of Uranium Oxides},
journal = {The Journal of Physical Chemistry C},
volume = {123},
number = {26},
pages = {15985-15995},
year = {2019},
doi = {10.1021/acs.jpcc.9b03274},
URL = {https://doi.org/10.1021/acs.jpcc.9b03274},
eprint = {https://doi.org/10.1021/acs.jpcc.9b03274}
}

@article{MAHESHWARI2016206,
title = "Workflow performance improvement using model-based scheduling over multiple clusters and clouds",
journal = "Future Generation Computer Systems",
volume = "54",
pages = "206 - 218",
year = "2016",
issn = "0167-739X",
doi = "https://doi.org/10.1016/j.future.2015.03.017",
url = "http://www.sciencedirect.com/science/article/pii/S0167739X15000795",
author = "\textbf{Ketan Maheshwari} and Eun-Sung Jung and Jiayuan Meng and Vitali Morozov and Venkatram Vishwanath and Rajkumar Kettimuthu",
keywords = "System modeling, Workflow, Optimization, Swift, Clouds",
}

@InProceedings{icpp:2014,
	 title = {{Studying Application Data Handling Methodologies in Cloud}},
	 author = {\textbf{Ketan Maheshwari} and Justin Wozniak and Hao yang and Daniel Katz and Matei Ripeanu and Victor Zavala and Michael Wilde},
	 year = 2014,
	 booktitle = {International Conference on Parallel Programming},
	 address = {Minnesota, MN, USA},
	 month = Sep,
	 days = {09-11},
	 publisher = {},
}

@InProceedings{datacloud:2013,
	 title = {{Extending the Galaxy portal with parallel and distributed execution capability}},
	 author = {\textbf{Ketan Maheshwari} and Alex Rodriguez and David Kelly and Ravi Madduri and Justin M. Wozniak and Michael Wilde and Ian Foster},
	 year = 2013,
	 booktitle = {The 4th International Workshop on Data-Intensive Computing in the Clouds (DataCloud at SC13)},
	 address = {Denver, Co, USA},
	 month = Nov,
	 days = {17-22},
	 publisher = {IEEE/ACM},
}

